@misc{kerodon,
    title        = {Kerodon},
    author       = {Jacob Lurie},
    howpublished = {\url{https://kerodon.net}},
    year         = {2018},
}
@book{cisinski_2019, 
	place={Cambridge}, 
	series={Cambridge Studies in Advanced Mathematics}, 
	title={Higher Categories and Homotopical Algebra}, 
	DOI={10.1017/9781108588737}, 
	publisher={Cambridge University Press}, 
	author={Cisinski, Denis-Charles}, 
	year={2019}, 
	collection={Cambridge Studies in Advanced Mathematics}
}
@book{higher_algebra,
	author        = "Lurie, Jacob",
	title         = "{Higher Algebra }",
	publisher     = "Harvard University",
	year          = "2017",
	url           = "https://people.math.harvard.edu/~lurie/papers/HA.pdf",
}
@book{cisinski_2019, 
	place={Cambridge}, 
	series={Cambridge Studies in Advanced Mathematics}, 
	title={Higher Categories and Homotopical Algebra}, 
	DOI={10.1017/9781108588737}, 
	publisher={Cambridge University Press}, 
	author={Cisinski, Denis-Charles}, 
	year={2019}, 
	collection={Cambridge Studies in Advanced Mathematics}
}
@book{munson_volić_2015, 
	place={Cambridge}, 
	series={New Mathematical Monographs}, 
	title={Cubical Homotopy Theory}, 
	DOI={10.1017/CBO9781139343329}, 
	publisher={Cambridge University Press}, 
	author={Munson, Brian A. and Volić, Ismar}, 
	year={2015}, 
	collection={New Mathematical Monographs}
}
@article{splittings_21,
  doi = {10.25537/DM.2021V26.1423-1464},
  url = {https://www.elibm.org/article/10012158},
  author = {Devalapurkar, Sanath and Haine, Peter},
  language = {en},
  title = {On the James and Hilton-Milnor Splittings, and the Metastable EHP Sequence},
  journal = {DOCUMENTA MATHEMATICA},
  volume = {Vol 26 },
  issue = {2021},
  pages = {p. 1423-1464},
  publisher = {Deutsche Mathematiker-Vereinigung},
  year = {2021},
  copyright = {Creative Commons Attribution 4.0 International}
}
@online{leeds_lectures,
  author = {Charles Rezk},
  title = {Lectures on Higher Topos Theory (Leeds, June 2019)},
  year = 2019,
  url = {https://faculty.math.illinois.edu/~rezk/leeds-lectures-2019.pdf},
  urldate = {2022-09-15}
}
@online{toposes_and_htpy_toposes,
  author = {Charles Rezk},
  title = {Toposes and homotopy toposes},
  year = 2005,
  url = {https://faculty.math.illinois.edu/~rezk/homotopy-topos-sketch.pdf},
  urldate = {2022-09-15}
}
@article{gen_blakers_massey,
	doi = {10.1112/topo.12163},
  	url = {https://doi.org/10.1112%2Ftopo.12163},
  	year = 2020,
	month = {sep},
  	publisher = {Wiley},
  	volume = {13},
  	number = {4},
	pages = {1521--1553},
	author = {Mathieu Anel and Georg Biedermann and Eric Finster and Andr{\'{e}} Joyal},
	title = {A generalized Blakers{\textendash}Massey theorem},
	journal = {Journal of Topology}
}
@misc{quillen_adj_15,
  doi = {10.48550/ARXIV.1510.04392},
  url = {https://arxiv.org/abs/1510.04392},
  author = {Mazel-Gee, Aaron},
  keywords = {Algebraic Topology (math.AT), Category Theory (math.CT), FOS: Mathematics, FOS: Mathematics},
  title = {Model $\infty$-categories II: Quillen adjunctions},
  publisher = {arXiv},
  year = {2015},
  copyright = {arXiv.org perpetual, non-exclusive license}
}
